<record><leader>00000cas a22000007a 4500</leader><controlfield tag="001">17655496</controlfield><controlfield tag="008">880321d18881905ohudn ne      0    0eng d</controlfield><datafield ind1=" " ind2=" " tag="010"><subfield code="a">sn 88078289 </subfield></datafield><datafield ind1=" " ind2=" " tag="040"><subfield code="a">ONP</subfield><subfield code="b">eng</subfield><subfield code="c">ONP</subfield><subfield code="d">OCL</subfield><subfield code="d">ONP</subfield><subfield code="d">OCLCQ</subfield><subfield code="d">DLC</subfield></datafield><datafield ind1=" " ind2=" " tag="019"><subfield code="a">15003319</subfield></datafield><datafield ind1=" " ind2=" " tag="042"><subfield code="a">msc</subfield></datafield><datafield ind1="0" ind2="4" tag="245"><subfield code="a">The Salem daily news.</subfield></datafield><datafield ind1=" " ind2=" " tag="260"><subfield code="a">Salem, Ohio :</subfield><subfield code="b">[J.W. Northrup],</subfield><subfield code="c">1888-1905.</subfield></datafield><datafield ind1=" " ind2=" " tag="300"><subfield code="a">v.</subfield></datafield><datafield ind1=" " ind2=" " tag="310"><subfield code="a">Daily (except Sun.)</subfield></datafield><datafield ind1="0" ind2=" " tag="362"><subfield code="a">Vol. 1, no. 1 (Dec. 31, 1888)-17th year, no. 210 (Sept. 7, 1905).</subfield></datafield><datafield ind1=" " ind2=" " tag="580"><subfield code="a">Weekly eds.: News-vidette, 1889-1890, and: Weekly news (Salem, Ohio), 1890-1891, and: Republican-era (Salem, Ohio), 1891-1905.</subfield></datafield><datafield ind1=" " ind2=" " tag="752"><subfield code="a">United States</subfield><subfield code="b">Ohio</subfield><subfield code="c">Columbiana</subfield><subfield code="d">Salem.</subfield></datafield><datafield ind1="1" ind2=" " tag="775"><subfield code="t">News-vidette</subfield><subfield code="w">(DLC)sn 88078300</subfield></datafield><datafield ind1="1" ind2=" " tag="775"><subfield code="t">Weekly news (Salem, Ohio)</subfield></datafield><datafield ind1="1" ind2=" " tag="775"><subfield code="t">Republican-era (Salem, Ohio)</subfield><subfield code="w">(DLC)sn 88078351</subfield></datafield><datafield ind1="0" ind2="5" tag="780"><subfield code="t">Salem Republican-era (Salem, Ohio : Daily)</subfield><subfield code="w">(DLC)sn 88078290</subfield></datafield><datafield ind1="0" ind2="0" tag="785"><subfield code="t">Salem news (Salem, Ohio)</subfield><subfield code="x">2373-1788</subfield><subfield code="w">(DLC)sn 83035512</subfield><subfield code="w">(OCoLC)9994387</subfield></datafield><datafield ind1="1" ind2=" " tag="029"><subfield code="a">AU@</subfield><subfield code="b">000025786028</subfield></datafield></record>